% Introduction
@book{Romanelli2012,
	author = {Romanelli, F. and Barabaschi, P. and Borba, D. and Federici, G. and Horton, L. and Neu, R. and Stork, D. and Zohm, H.},
	file = {:home/tegn500/.local/share/data/Mendeley Ltd./Mendeley Desktop/Downloaded/Romanelli et al. - 2012 - EU-EFDA report Fusion Electricity - A roadmap to the realisation of fusion energy.pdf:pdf},
	title = {EU-EFDA report: Fusion Electricity - A roadmap to the realisation of fusion energy},
	year = {2012}
}
@book{freidberg2008plasma,
	title={Plasma Physics and Fusion Energy},
	author={Freidberg, J. P. },
	year={2008},
	publisher={Cambridge University Press}
}

% Radial transport in the SOL
@article{connor1999comparison,
	title={Comparison of theoretical models for scrape-off layer widths with data from {COMPASS-D}, {JET} and {A}lcator {C-M}od},
	author={Connor, J. W. and Counsell, G. F. and Erents, S. K. and Fielding, S. J. and LaBombard, B. and Morel, K.},
	journal={Nuclear Fusion},
	volume={39},
	pages={169},
	year={1999},
	publisher={IOP Publishing}
}
@book{Bohm1949,
	author = {Bohm, D.},
	editor = {Guthrie, A and Wakerling, R K},
	publisher = {New York: McGraw-Hill},
	title = {{The Characteristics of Electrical Discharges in Magnetic Fields}},
	year = {1949}
}
@article{lipschultz2002investigation,
	title={Investigation of the origin of neutrals in the main chamber of {Alcator C-Mod}},
	author={Lipschultz, B. and LaBombard, B. and Pitcher, C. S. and Boivin, R.},
	journal={Plasma Physics and Controlled Fusion},
	volume={44},
	pages={733},
	year={2002},
	publisher=
	{IOP Publishing}
}
@book{wesson2011tokamaks,
	title={Tokamaks},
	author={Wesson, J. and Campbell, D. J.},
	year={2011},
	publisher={Oxford University Press}
}
@article{garcia2007fluctuations,
	title={Fluctuations and transport in the {TCV} scrape-off layer},
	author={Garcia, O. E. and Horacek, J. and Pitts, R. A. and Nielsen, A. H. and Fundamenski, W. and Naulin, V. and Juul Rasmussen, J.},
	journal={Nuclear Fusion},
	volume={47},
	pages={667},
	year={2007},
	publisher={IOP Publishing}
}
@article{labombard2001particle,
	title={Particle transport in the scrape-off layer and its relationship to discharge density limit in {Alcator C-Mod}},
	author={LaBombard, B. and Boivin, R. L. and Greenwald, M. and Hughes, J. and Lipschultz, B. and Mossessian, D. and Pitcher, C. S. and Terry, J. L. and Zweben, S. J. and Alcator Group},
	journal={Physics of Plasmas},
	volume={8},
	pages={2107},
	year={2001},
	publisher={American Institute of Physics}
}
@article{militello2016scrape,
	title={Scrape off layer profiles interpreted with filament dynamics},
	author={Militello, F. and Omotani, J. T.},
	journal={Nuclear Fusion},
	volume={56},
	pages={104004},
	year={2016},
	publisher={IOP Publishing}
}
@article{naulin2007turbulent,
	title={Turbulent transport and the plasma edge},
	author={Naulin, V.},
	journal={Journal of Nuclear Materials},
	volume={363},
	pages={24},
	year={2007},
	publisher={Elsevier}
}
@article{rudakov2005far,
	title={Far {SOL} transport and main wall plasma interaction in {DIII-D}},
	author={Rudakov, D. L. and Boedo, J. A. and Moyer, R. A. and Stangeby, P. C. and Watkins, J. G. and Whyte, D. G. and Zeng, L. and Brooks, N. H. and Doerner, R. P. and Evans, T. E. and Fenstermacher, M. E. and	Groth, M. and Hollmann, E. M. and Krasheninnikov, S. I. and Lasnier, C. J. and Leonard, A. W. and Mahdavi, M. A. and  McKee, G. R. and McLean, A. G. and Pigarov, A. Y. and Wampler, W. R. and Wang, G. and West, W. P. and Wong, C. P. C.},
	journal={Nuclear Fusion},
	volume={45},
	pages={1589},
	year={2005},
	publisher={IOP Publishing}
}
@article{militello2013experimental,
	title={Experimental and numerical characterization of the turbulence in the scrape-off layer of {MAST}},
	author={Militello, F. and Tamain, P. and Fundamenski, W. and Kirk, A. and Naulin, V. and Nielsen, A. H. and team, the {MAST}},
	journal={Plasma Physics and Controlled Fusion},
	volume={55},
	pages={025005},
	year={2013},
	publisher={IOP Publishing}
}
@article{boedo2014edge,
	title={Edge transport studies in the edge and scrape-off layer of the {National Spherical Torus Experiment with Langmuir probes}},
	author={Boedo, J. A. and Myra, J. R. and Zweben, S. and Maingi, R. and Maqueda, R. J. and Soukhanovskii, V. A. and Ahn, J. W. and Canik, J. and Crocker, N. and D'Ippolito, D. A. and Bell, R. and Kugel, H. and Leblanc, B.  and Roquemore, L. A. and Rudakov, D. L. and Team, NSTX},
	journal={Physics of Plasmas},
	volume={21},
	pages={042309},
	year={2014},
	publisher={American Institute of Physics}
}
@article{carralero2014experimental,
	title={An experimental investigation of the high density transition of the scrape-off layer transport in {ASDEX U}pgrade},
	author={Carralero, D. and Birkenmeier, G. and M{\"u}ller, H. W. and Manz, P. and DeMarne, P. and M{\"u}ller, S. H. and Reimold, F. and Stroth, U. and Wischmeier, M. and Wolfrum, E. and Team, {The ASDEX Upgrade} },
	journal={Nuclear Fusion},
	volume={54},
	pages={123005},
	year={2014},
	publisher={IOP Publishing}
}
@book{stangeby2000plasma,
	title={The Plasma Boundary of Magnetic Fusion Devices},
	author={Stangeby, P. C.},
	year={2000},
	publisher={Institute of Physics Publishing }
}
@article{lipschultz2005comparison,
	title={Comparison of particle transport in the scrape-off layer plasmas of {Alcator C-Mod and DIII-D}},
	author={Lipschultz, B. and Whyte, D. and LaBombard, B.},
	journal={Plasma Physics and Controlled Fusion},
	volume={47},
	pages={1559},
	year={2005},
	publisher={IOP Publishing}
}
@article{umansky1999modeling,
	title={Modeling of particle and energy transport in the edge plasma of {Alcator C-Mod}},
	author={Umansky, M. V. and Krasheninnikov, S. I. and LaBombard, B. and Lipschultz, B. and Terry, J. L.},
	journal={Physics of Plasmas},
	volume={6},
	pages={2791},
	year={1999},
	publisher={American Institute of Physics}
}
@article{pigarov2002tokamak,
	title={Tokamak edge plasma simulation including anomalous cross-field convective transport},
	author={Pigarov, A. Y. and Krasheninnikov, S. I. and Rognlien, T. D. and Schaffer, M. J. and West, W. P.},
	journal={Physics of Plasmas},
	volume={9},
	pages={1287},
	year={2002},
	publisher={American Institute of Physics}
}
@article{garcia2007turbulent,
	title={Turbulent transport in the {TCV SOL}},
	author={Garcia, O. E. and Pitts, R. A. and Horacek, J. and Nielsen, A. H. and Fundamenski, W. and Graves, J. P. and Naulin, V. and Juul Rasmussen, J.},
	journal={Journal of Nuclear Materials},
	volume={363},
	pages={575},
	year={2007},
	publisher={Elsevier}
}
@article{zweben1982edge,
	title={Edge plasma transport experiments in the {C}altech tokamak},
	author={Zweben, S. and Liewer, P. C. and Gould, R. W.},
	journal={Journal of Nuclear Materials},
	volume={111},
	pages={39},
	year={1982},
	publisher={Elsevier}
}
@article{zweben1983scaling,
	title={Scaling of edge-plasma turbulence in the {C}altech tokamak},
	author={Zweben, S. J. and Gould, R. W.},
	journal={Nuclear Fusion},
	volume={23},
	pages={1625},
	year={1983},
	publisher={IOP Publishing}
}
@article{mckee2007plasma,
	title={Plasma turbulence imaging via beam emission spectroscopy in the core of the {DIII-D} tokamak},
	author={McKEE, G. R. and Fonck, R. J. and Gupta, D. K. and Schlossberg, D. J. and Shafer, M. W. and Boivin, R. L. and Solomon, W.},
	journal={Plasma and Fusion Research},
	volume={2},
	pages={S1025},
	year={2007},
	publisher={The Japan Society of Plasma Science and Nuclear Fusion Research}
}
@article{ayed2009inter,
	title={{Inter-ELM} filaments and turbulent transport in the {Mega-Amp Spherical Tokamak}},
	author={Ayed, N. B. and Kirk, A. and Dudson, B. and Tallents, S. and Vann, R. G. L. and Wilson, H. R. and team, the {MAST}},
	journal={Plasma Physics and Controlled Fusion},
	volume={51},
	pages={035016},
	year={2009},
	publisher={IOP Publishing}
}
@article{theodorsen2018statistical,
	title={Statistical properties of intermittent fluctuations in the boundary of fusion plasmas},
	author={Theodorsen, A.},
	year={2018},
	journal={PhD thesis, University of Troms√∏}
}
@article{langmuir1923positive,
	title={Positive ion currents from the positive column of mercury arcs},
	author={Langmuir, I.},
	journal={Science},
	volume={58},
	pages={290},
	year={1923},
	publisher={American Association for the Advancement of Science}
}
@article{mott1926theory,
	title={The theory of collectors in gaseous discharges},
	author={Mott-Smith, H. M. and Langmuir, I.},
	journal={Physical Review},
	volume={28},
	pages={727},
	year={1926},
	publisher={APS}
}
@article{zweben2017invited,
	title={{Invited Review Article: Gas} puff imaging diagnostics of edge plasma turbulence in magnetic fusion devices},
	author={Zweben, S. J. and Terry, J. L. and Stotler, D. P. and Maqueda, R. J.},
	journal={Review of Scientific Instruments},
	volume={88},
	pages={041101},
	year={2017},
	publisher={AIP Publishing LLC}
}
@article{theodorsen2017relationship,
	title={Relationship between frequency power spectra and intermittent, large-amplitude bursts in the {Alcator C-Mod} scrape-off layer},
	author={Theodorsen, A. and Garcia, O. E. and Kube, R. and LaBombard, B. and Terry, J. L.},
	journal={Nuclear Fusion},
	volume={57},
	pages={114004},
	year={2017},
	publisher={IOP Publishing}
}
@article{garcia2012stochastic,
	title={Stochastic modeling of intermittent scrape-off layer plasma fluctuations},
	author={Garcia, O. E.},
	journal={Physical Review Letters},
	volume={108},
	pages={265001},
	year={2012},
	publisher={APS}
}
@article{garcia2013intermittent,
	title={Intermittent fluctuations in the {Alcator C-Mod} scrape-off layer},
	author={Garcia, O.E. and Fritzner, S. M. and Kube, R. and Cziegler, I. and LaBombard, B. and Terry, J. L.},
	journal={Physics of Plasmas},
	volume={20},
	pages={055901},
	year={2013},
	publisher={American Institute of Physics}
}
@article{garcia2013burst,
	title={Burst statistics in {Alcator C-Mod SOL} turbulence},
	author={Garcia, O. E. and Cziegler, I. and Kube, R. and LaBombard, B. and Terry, J. L.},
	journal={Journal of Nuclear Materials},
	volume={438},
	pages={S180},
	year={2013},
	publisher={Elsevier}
}
@article{garcia2015intermittent,
	title={Intermittent fluctuations in the {TCV} scrape-off layer},
	author={Garcia, O. E. and Horacek, J. and Pitts, R. A.},
	journal={Nuclear Fusion},
	volume={55},
	pages={062002},
	year={2015},
	publisher={IOP Publishing}
}
@article{kube2016fluctuation,
	title={Fluctuation statistics in the scrape-off layer of {Alcator C-Mod}},
	author={Kube, R. and Theodorsen, A. and Garcia, O. E. and LaBombard, B. and Terry, J. L.},
	journal={Plasma Physics and Controlled Fusion},
	volume={58},
	pages={054001},
	year={2016},
	publisher={IOP Publishing}
}
@article{garcia2017sol,
	title={{SOL} width and intermittent fluctuations in {KSTAR}},
	author={Garcia, O. E. and Kube, R. and Theodorsen, A. and Bak, J. G. and Hong, S. H. and Kim, H. S. and Team, {the KSTAR Project} and Pitts, R. A.},
	journal={Nuclear Materials and Energy},
	volume={12},
	pages={36},
	year={2017},
	publisher={Elsevier}
}
@article{kube2018intermittent,
	title={Intermittent electron density and temperature fluctuations and associated fluxes in the {Alcator C-Mod} scrape-off layer},
	author={Kube, R. and Garcia, O. E. and Theodorsen, A. and Brunner, D. and Kuang, A. Q. and LaBombard, B. and Terry, J. L.},
	journal={Plasma Physics and Controlled Fusion},
	volume={60},
	pages={065002},
	year={2018},
	publisher={IOP Publishing}
}
@article{garcia2018intermittent,
	title={Intermittent fluctuations in the {Alcator C-Mod} scrape-off layer for ohmic and high confinement mode plasmas},
	author={Garcia, O. E. and Kube, R. and Theodorsen, A. and LaBombard, B. and Terry, J. L.},
	journal={Physics of Plasmas},
	volume={25},
	pages={056103},
	year={2018},
	publisher={AIP Publishing LLC}
}
@article{theodorsen2018universality,
	title={Universality of {P}oisson-driven plasma fluctuations in the {Alcator C-Mod} scrape-off layer},
	author={Theodorsen, A. and Garcia, O. E. and Kube, R. and LaBombard, B. and Terry, J. L.},
	journal={Physics of Plasmas},
	volume={25},
	pages={122309},
	year={2018},
	publisher={AIP Publishing LLC}
}
@article{garcia2007collisionality,
	title={Collisionality dependent transport in {TCV SOL} plasmas},
	author={Garcia, O. E. and Pitts, R. A. and Horacek, J. and Madsen, J. and Naulin, V. and Nielsen, A. H. and Juul Rasmussen, J.},
	journal={Plasma Physics and Controlled Fusion},
	volume={49},
	pages={B47},
	year={2007},
	publisher={IOP Publishing}
}
@article{antar2003universality,
	title={Universality of intermittent convective transport in the scrape-off layer of magnetically confined devices},
	author={Antar, G. Y. and Counsell, G. and Yu, Y. and Labombard, B. and Devynck, P.},
	journal={Physics of Plasmas},
	volume={10},
	pages={419},
	year={2003},
	publisher={American Institute of Physics}
}
@article{garcia2009blob,
	title={Blob transport in the plasma edge: a review},
	author={Garcia, O. E.},
	journal={Plasma and Fusion Research},
	volume={4},
	pages={019},
	year={2009},
	publisher={The Japan Society of Plasma Science and Nuclear Fusion Research}
}
@article{antar2001turbulence,
	title={Turbulence intermittency and burst properties in tokamak scrape-off layer},
	author={Antar, G. Y. and Devynck, P. and Garbet, X. and Luckhardt, S. C.},
	journal={Physics of Plasmas},
	volume={8},
	pages={1612},
	year={2001},
	publisher={American Institute of Physics}
}
@article{graves2005self,
	title={Self-similar density turbulence in the {TCV} tokamak scrape-off layer},
	author={Graves, J. P. and Horacek, J. and Pitts, R. A. and Hopcraft, K. I.},
	journal={Plasma Physics and Controlled Fusion},
	volume={47},
	pages={L1},
	year={2005},
	publisher={IOP Publishing}
}
@article{garcia2017auto,
	title={Auto-correlation function and frequency spectrum due to a super-position of uncorrelated exponential pulses},
	author={Garcia, O. E. and Theodorsen, A.},
	journal={Physics of Plasmas},
	volume={24},
	pages={032309},
	year={2017},
	publisher={AIP Publishing LLC}
}
@article{boedo2005edge,
	title={Edge-localized mode dynamics and transport in the scrape-off layer of the {DIII-D} tokamak},
	author={Boedo, J. A. and Rudakov, D. L. and Hollmann, E. and Gray, D. S. and Burrell, K. H. and Moyer, R. A. and McKee, G. R. and Fonck, R. and Stangeby, P. C. and Evans, T. E. and Snyder, P. B. and Leonard, A. W. and Mahdavi, M. A.  and Schaffer, M. J. and West, W. P. and  Fenstermacherd, M. E. and Grothd, M. and Allend, S. L. and Lasnierd, C. and Porterd,  G. D. and Wolfd, N. S. and Colchine, R. J. and Zengf, L. Wangf, G. and Watkinsg, J. G. and Takahashih, T. and Team, {The DIII-D} 	
	},
	journal={Physics of Plasmas},
	volume={12},
	pages={072516},
	year={2005},
	publisher={American Institute of Physics}
}
@article{rudakov2002fluctuation,
	title={Fluctuation-driven transport in the {DIII-D} boundary},
	author={Rudakov, D. L. and Boedo, J. A. and Moyer, R. A. and Krasheninnikov, S. and Leonard, A. W. and Mahdavi, M. A. and McKee, G. R. and Porter, G. D. and Stangeby, P. C. and Watkins, J. G. and others},
	journal={Plasma Physics and Controlled Fusion},
	volume={44},
	pages={717},
	year={2002},
	publisher={IOP Publishing}
}




@article{krasheninnikov2008recent,
	title={Recent theoretical progress in understanding coherent structures in edge and {SOL} turbulence},
	author={Krasheninnikov, S. I. and D'ippolito, D. A. and Myra, J. R.},
	journal={Journal of Plasma Physics},
	volume={74},
	pages={679},
	year={2008},
	publisher={Cambridge University Press}
}
@article{labit2007universal,
	title={Universal statistical properties of drift-interchange turbulence in {TORPEX} plasmas},
	author={Labit, B. and Furno, I. and Fasoli, A. and Diallo, A. and M{\"u}ller, S. H. and Plyushchev, G. and Podest{\`a}, M. and Poli, F. M.},
	journal={Physical Review Letters},
	volume={98},
	pages={255002},
	year={2007},
	publisher={APS}
}
@article{sattin2009statistics,
	title={On the statistics of edge fluctuations: comparative study between various fusion devices},
	author={Sattin, F. and Agostini, M. and Scarin, P. and Vianello, N. and Cavazzana, R. and Marrelli, L. and Serianni, G. and Zweben, S. J. and Maqueda, R. J. and Yagi, Y. and others},
	journal={Plasma Physics and Controlled Fusion},
	volume={51},
	pages={055013},
	year={2009},
	publisher={IOP Publishing}
}
@article{sattin2009parabolic,
	title={About the parabolic relation existing between the skewness and the kurtosis in time series of experimental data},
	author={Sattin, F. and Agostini, M. and Cavazzana, R. and Serianni, G. and Scarin, P. and Vianello, N.},
	journal={Physica Scripta},
	volume={79},
	pages={045006},
	year={2009},
	publisher={IOP Publishing}
}
@article{garcia2016stochastic,
	title={Stochastic modelling of intermittent fluctuations in the scrape-off layer: {C}orrelations, distributions, level crossings, and moment estimation},
	author={Garcia, O. E. and Kube, R. and Theodorsen, A. and P{\'e}cseli, H. L.},
	journal={Physics of Plasmas},
	volume={23},
	pages={052308},
	year={2016},
	publisher={AIP Publishing LLC}
}
@article{pedrosa1999empirical,
	title={Empirical similarity of frequency spectra of the edge-plasma fluctuations in toroidal magnetic-confinement systems},
	author={Pedrosa, M. A. and Hidalgo, C. and Carreras, B. A. and Balbin, R. and Garc{\'\i}a-Cort{\'e}s, I. and Newman, D. and Van Milligen, B. and S{\'a}nchez, E. and Bleuel, J. and Endler, M. and Davies, S. and Matthews, G. F.},
	journal={Physical Review Letters},
	volume={82},
	pages={3621},
	year={1999},
	publisher={APS}
}
@article{carreras1999characterization,
	title={Characterization of the frequency ranges of the plasma edge fluctuation spectra},
	author={Carreras, B. A. and Balbin, R. and Van Milligen, B. and Pedrosa, M. A. and Garcia-Cortes, I. and Sanchez, E. and Hidalgo, C. and Bleuel, J. and Endler, M. and Thomsen, H. and Chankin, A. and Davies, S. and Erents, K. and Matthews, G. F.},
	journal={Physics of Plasmas},
	volume={6},
	pages={4615},
	year={1999},
	publisher={American Institute of Physics}
}
@article{antar2005scaling,
	title={On the scaling of avaloids and turbulence with the average density approaching the density limit},
	author={Antar, G. Y. and Counsell, G. and Ahn, J. W.},
	journal={Physics of Plasmas},
	volume={12},
	pages={082503},
	year={2005},
	publisher={American Institute of Physics}
}
% filaments
@article{zweben1985search,
	title={Search for coherent structure within tokamak plasma turbulence},
	author={Zweben, S. J.},
	journal={The Physics of Fluids},
	volume={28},
	pages={974},
	year={1985},
	publisher={American Institute of Physics}
}
@article{endler1995measurements,
	title={Measurements and modelling of electrostatic fluctuations in the scrape-off layer of {ASDEX}},
	author={Endler, M. and Niedermeyer, H. and Giannone, L. and Kolzhauer, E. and Rudyj, A. and Theimer, G. and Tsois, N.},
	journal={Nuclear Fusion},
	volume={35},
	pages={1307},
	year={1995},
	publisher={IOP Publishing}
}
@article{endler1999turbulent,
	title={Turbulent {SOL} transport in stellarators and tokamaks},
	author={Endler, M.},
	journal={Journal of Nuclear Materials},
	volume={266},
	pages={84},
	year={1999},
	publisher={Elsevier}
}
@article{zweben1985structure,
	title={Structure of edge-plasma turbulence in the {C}altech tokamak},
	author={Zweben, S. J. and Gould, R. W.},
	journal={Nuclear Fusion},
	volume={25},
	pages={171},
	year={1985},
	publisher={IOP Publishing}
}
@article{park1987sj,
	title={{EDGE TURBULENCE MEASUREMENTS IN TFTR}},
	author={Zweben, S. J. and Manos, D. and Budny, R. V. and Efthimion, P. and Fredrickson, E. and Greenside, H. and Hill, K. W. and Hiroe, S. and Kilpatrick, S. and McGuire, K. and Medley, S. S. and Park, H. K. and Ramsey, A. T. and Wilgen, J.},
	journal={Journal of Nuclear Materials},
	volume={145},
	pages={250},
	year={1987}
}
@article{umansky1998comments,
	title={Comments on particle and energy balance in the edge plasma of {Alcator C-Mod}},
	author={Umansky, M. V. and Krasheninnikov, S. I. and LaBombard, B. and Terry, J. L.},
	journal={Physics of Plasmas},
	volume={5},
	pages={3373},
	year={1998},
	publisher={American Institute of Physics}
}
@article{d2011convective,
	title={Convective transport by intermittent blob-filaments: {C}omparison of theory and experiment},
	author={D‚Äôippolito, D. A. and Myra, J. R. and Zweben, S. J.},
	journal={Physics of Plasmas},
	volume={18},
	pages={060501},
	year={2011},
	publisher={American Institute of Physics}
}
@article{kirk2016mode,
	title={L-mode filament characteristics on {MAST} as a function of plasma current measured using visible imaging},
	author={Kirk, A. and Thornton, A. J. and Harrison, J. R. and Militello, F. and Walkden, N. R.},
	journal={Plasma Physics and Controlled Fusion},
	volume={58},
	pages={085008},
	year={2016},
	publisher={IOP Publishing}
}
@article{dudson2008experiments,
	title={Experiments and simulation of edge turbulence and filaments in {MAST}},
	author={Dudson, B. D. and Ayed, N. B. and Kirk, A. and Wilson, H. R. and Counsell, G. and Xu, X. and Umansky, M. and Snyder, P. B. and LLoyd, B. and team, {the MAST}},
	journal={Plasma Physics and Controlled Fusion},
	volume={50},
	pages={124012},
	year={2008},
	publisher={IOP Publishing}
}
@article{zweben2002edge,
	title={Edge turbulence imaging in the {Alcator C-Mod} tokamak},
	author={Zweben, S. J. and Stotler, D. P. and Terry, J. L. and LaBombard, B. and Greenwald, M. and Muterspaugh, M. and Pitcher, C. S. and Alcator C-Mod Group and Hallatschek, K. and Maqueda, R. J. and others},
	journal={Physics of Plasmas},
	volume={9},
	pages={1981},
	year={2002},
	publisher={American Institute of Physics}
}
@article{kube2013blob,
	title={Blob sizes and velocities in the {Alcator C-Mod} scrape-off layer},
	author={Kube, R. and Garcia, O. E. and LaBombard, B. and Terry, J. L. and Zweben, S. J.},
	journal={Journal of Nuclear Materials},
	volume={438},
	pages={S505},
	year={2013},
	publisher={Elsevier}
}
@article{myra2006blob,
	title={Blob birth and transport in the tokamak edge plasma: {A}nalysis of imaging data},
	author={Myra, J. R. and D‚ÄôIppolito, D. A. and Stotler, D. P. and Zweben, S. J. and LeBlanc, B. P. and Menard, J. E. and Maqueda, R. J. and Boedo, J.},
	journal={Physics of Plasmas},
	volume={13},
	pages={092509},
	year={2006},
	publisher={American Institute of Physics}
}
@article{boedo2001transport,
	title={Transport by intermittent convection in the boundary of the {DIII-D} tokamak},
	author={Boedo, J. A. and Rudakov, D. and Moyer, R. and Krasheninnikov, S. and Whyte, D. and McKee, G. and Tynan, G. and Schaffer, M. and Stangeby, P. and West, P. and others},
	journal={Physics of Plasmas},
	volume={8},
	pages={4826},
	year={2001},
	publisher={American Institute of Physics}
}
@article{silva2004fluctuation,
	title={Fluctuation measurements using a five-pin triple probe in the {Joint European Torus} boundary plasma},
	author={Silva, C. and Goncalves, B. and Hidalgo, C. and Pedrosa, M. A. and Erents, K. and Matthews, G. and Pitts, R. A.},
	journal={Review of Scientific Instruments},
	volume={75},
	pages={4314},
	year={2004},
	publisher={American Institute of Physics}
}
@article{carralero2015experimental,
	title={Experimental validation of a filament transport model in turbulent magnetized plasmas},
	author={Carralero, D. and Manz, P. and Aho-Mantila, L. and Birkenmeier, G. and Brix, M. and Groth, M. and M{\"u}ller, H. W. and Stroth, U. and Vianello, N. and Wolfrum, E. and team, {ASDEX Upgrade}},
	journal={Physical Review Letters},
	volume={115},
	pages={215002},
	year={2015},
	publisher={APS}
}
@article{muller2009studies,
	title={Studies of blob formation, propagation and transport mechanisms in basic experimental plasmas {(TORPEX and CSDX)}},
	author={M{\"u}ller, S. H. and Theiler, C. and Fasoli, A. and Furno, I. and Labit, B. and Tynan, G. R. and Xu, M. and Yan, Z. and Yu, J. H.},
	journal={Plasma Physics and Controlled Fusion},
	volume={51},
	pages={055020},
	year={2009},
	publisher={IOP Publishing}
}
@article{grulke2014experimental,
	title={Experimental investigation of the parallel structure of fluctuations in the scrape-off layer of {Alcator C-Mod}},
	author={Grulke, O. and Terry, J. L. and Cziegler, I. and LaBombard, B. and Garcia, O. E.},
	journal={Nuclear Fusion},
	volume={54},
	pages={043012},
	year={2014},
	publisher={IOP Publishing}
}
@article{zweben2015edge,
	title={Edge and {SOL} turbulence and blob variations over a large database in {NSTX}},
	author={Zweben, S. J. and Davis, W. M. and Kaye, S. M. and Myra, J. R. and Bell, R. E. and LeBlanc, B. P. and Maqueda, R. J. and Munsat, T. and Sabbagh, S. A. and Sechrest, Y. and Stotler, D. P.  and Team, {the NSTX}},
	journal={Nuclear Fusion},
	volume={55},
	pages={093035},
	year={2015},
	publisher={IOP Publishing}
}
@article{angus2012effects,
	title={Effects of parallel electron dynamics on plasma blob transport},
	author={Angus, J. R. and Krasheninnikov, S. I. and Umansky, M. V.},
	journal={Physics of Plasmas},
	volume={19},
	pages={082312},
	year={2012},
	publisher={American Institute of Physics}
}
@article{garcia2006radial,
	title={Radial interchange motions of plasma filaments},
	author={Garcia, O. E. and Bian, N. H. and Fundamenski, W.},
	journal={Physics of Plasmas},
	volume={13},
	pages={082309},
	year={2006},
	publisher={American Institute of Physics}
}
@article{kube2012effect,
	title={Effect of dynamical friction on interchange motion of plasma filaments},
	author={Kube, R. and Garcia, O. E.},
	journal={Physics of Plasmas},
	volume={19},
	pages={042305},
	year={2012},
	publisher={American Institute of Physics}
}
@article{kube2016amplitude,
	title={Amplitude and size scaling for interchange motions of plasma filaments},
	author={Kube, R. and Garcia, O. E. and Wiesenberger, M.},
	journal={Physics of Plasmas},
	volume={23},
	pages={122302},
	year={2016},
	publisher={AIP Publishing LLC}
}
@article{krasheninnikov2007generation,
	title={Generation of mesoscale convective structures in tokamak edge plasma},
	author={Krasheninnikov, S. I. and Smolyakov, A. I.},
	journal={Physics of Plasmas},
	volume={14},
	pages={102503},
	year={2007},
	publisher={American Institute of Physics}
}
@article{krasheninnikov2008dynamics,
	title={Dynamics and generation mechanisms of mesoscale structures in tokamak edge plasmas},
	author={Krasheninnikov, S. I. and Smolyakov, A. I.},
	journal={Physics of Plasmas},
	volume={15},
	pages={055909},
	year={2008},
	publisher={American Institute of Physics}
}
@article{terry2005transport,
	title={Transport phenomena in the edge of {Alcator C-Mod} plasmas},
	author={Terry, J. L. and Basse, N. P. and Cziegler, I. and Greenwald, M. and Grulke, O. and LaBombard, B. and Zweben, S. J. and Edlund, E. M. and Hughes, J. W. and Lin, L. and Porkolab, M. and Sampsell, M. and Veto, B. and Wukitch, S. J.},
	journal={Nuclear Fusion},
	volume={45},
	pages={1321},
	year={2005},
	publisher={IOP Publishing}
}
@article{agostini2007study,
	title={Study of statistical properties of edge turbulence in the {National Spherical Torus Experiment} with the gas puff imaging diagnostic},
	author={Agostini, M. and Zweben, S. J. and Cavazzana, R. and Scarin, P. and Serianni, G. and Maqueda, R. J. and Stotler, D. P.},
	journal={Physics of Plasmas},
	volume={14},
	pages={102305},
	year={2007},
	publisher={American Institute of Physics}
}
@article{theiler2008role,
	title={The role of the density gradient on intermittent cross-field transport events in a simple magnetized toroidal plasma},
	author={Theiler, C. and Diallo, A. and Fasoli, A. and Furno, I. and Labit, B. and Podest{\`a}, M. and Poli, F. M. and Ricci, P.},
	journal={Physics of Plasmas},
	volume={15},
	pages={042303},
	year={2008},
	publisher={American Institute of Physics}
}
@article{muller2007plasma,
	title={Plasma blobs in a basic toroidal experiment: {O}rigin, dynamics, and induced transport},
	author={M{\"u}ller, S. H. and Diallo, A. and Fasoli, A. and Furno, I. and Labit, B. and Podesta, M.},
	journal={Physics of Plasmas},
	volume={14},
	pages={110704},
	year={2007},
	publisher={American Institute of Physics}
}
@article{furno2008experimental,
	title={Experimental observation of the blob-generation mechanism from interchange waves in a plasma},
	author={Furno, I. and Labit, B. and Podest{\`a}, M. and Fasoli, A. and M{\"u}ller, S. H. and Poli, F. M. and Ricci, P. and Theiler, C. and Brunner, S. and Diallo, A. and Graves, J.},
	journal={Physical Review Letters},
	volume={100},
	pages={055004},
	year={2008},
	publisher={APS}
}
@article{furno2008mechanism,
	title={Mechanism for blob generation in the {TORPEX} toroidal plasma},
	author={Furno, I. and Labit, B. and Fasoli, A. and Poli, F. M. and Ricci, P. and Theiler, C. and Brunner, S. and Diallo, A. and Graves, J. P. and Podest{\`a}, M. and M{\"u}ller, S. H.},
	journal={Physics of Plasmas},
	volume={15},
	pages={055903},
	year={2008},
	publisher={American Institute of Physics}
}
@article{garcia2004computations,
	title={Computations of intermittent transport in scrape-off layer plasmas},
	author={Garcia, O. E. and Naulin, V. and Nielsen, A. H. and Rasmussen, J. Juul},
	journal={Physical Review Letters},
	volume={92},
	pages={165003},
	year={2004},
	publisher={APS}
}
@article{bisai2005edge,
	title={Edge and scrape-off layer tokamak plasma turbulence simulation using two-field fluid model},
	author={Bisai, N. and Das, A. and Deshpande, S. and Jha, R. and Kaw, P. and Sen, A. and Singh, R.},
	journal={Physics of Plasmas},
	volume={12},
	pages={072520},
	year={2005},
	publisher={American Institute of Physics}
}
@article{russell2007collisionality,
	title={Collisionality and magnetic geometry effects on tokamak edge turbulent transport. {II. Many-blob} turbulence in the two-region model},
	author={Russell, D. A. and Myra, J. R. and D‚ÄôIppolito, D. A.},
	journal={Physics of Plasmas},
	volume={14},
	pages={102307},
	year={2007},
	publisher={American Institute of Physics}
}
@article{russell2009saturation,
	title={Saturation mechanisms for edge turbulence},
	author={Russell, D. A. and Myra, J. R. and D‚ÄôIppolito, D. A.},
	journal={Physics of Plasmas},
	volume={16},
	pages={122304},
	year={2009},
	publisher={American Institute of Physics}
}
@article{manz2015origin,
	title={Origin and turbulence spreading of plasma blobs},
	author={Manz, P. and Ribeiro, T. T. and Scott, B. D. and Birkenmeier, G. and Carralero, D. and Fuchert, G. and M{\"u}ller, S. H. and M{\"u}ller, H. W. and Stroth, U. and Wolfrum, E.},
	journal={Physics of Plasmas},
	volume={22},
	pages={022308},
	year={2015},
	publisher={AIP Publishing LLC}
}
@article{bian2003blobs,
	title={Blobs and front propagation in the scrape-off layer of magnetic confinement devices},
	author={Bian, N. and Benkadda, S. and Paulsen, J. V. and Garcia, O. E.},
	journal={Physics of Plasmas},
	volume={10},
	pages={671},
	year={2003},
	publisher={American Institute of Physics}
}
@article{decristoforo2020blob,
	title={Blob interactions in {2D} scrape-off layer simulations},
	author={Decristoforo, G. and Militello, F. and Nicholas, T. and Omotani, J. and Marsden, C. and Walkden, N. and Garcia, O. E.},
	journal={Physics of Plasmas},
	volume={27},
	pages={122301},
	year={2020},
	publisher={AIP Publishing LLC}
}
@article{chang2008spontaneous,
	title={Spontaneous rotation sources in a quiescent tokamak edge plasma},
	author={Chang, C. S. and Ku, S.},
	journal={Physics of Plasmas},
	volume={15},
	pages={062510},
	year={2008},
	publisher={American Institute of Physics}
}
@article{churchill2017pedestal,
	title={Pedestal and edge electrostatic turbulence characteristics from an {XGC1} gyrokinetic simulation},
	author={Churchill, R. M. and Chang, C. S. and Ku, S. and Dominski, J.},
	journal={Plasma Physics and Controlled Fusion},
	volume={59},
	pages={105014},
	year={2017},
	publisher={IOP Publishing}
}
@article{braginskii,
	title={TRANSPORT PROCESSES IN A PLASMA},
	author={Braginskii, S. I.},
	journal={Reviews of Plasma Physics},
	year={1965}
}
@article{madsen2013full,
	title={{Full-F} gyrofluid model},
	author={Madsen, J.},
	journal={Physics of Plasmas},
	volume={20},
	pages={072301},
	year={2013},
	publisher={American Institute of Physics}
}
@article{held2016influence,
	title={The influence of temperature dynamics and dynamic finite ion {L}armor radius effects on seeded high amplitude plasma blobs},
	author={Held, M. and Wiesenberger, M. and Madsen, J. and Kendl, A.},
	journal={Nuclear Fusion},
	volume={56},
	pages={126005},
	year={2016},
	publisher={IOP Publishing}
}
@article{wiesenberger2014radial,
	title={Radial convection of finite ion temperature, high amplitude plasma blobs},
	author={Wiesenberger, M. and Madsen, J. and Kendl, A.},
	journal={Physics of Plasmas},
	volume={21},
	pages={092301},
	year={2014},
	publisher={AIP Publishing LLC}
}
@article{ribeiro2005tokamak,
	title={Tokamak turbulence computations on closed and open magnetic flux surfaces},
	author={Ribeiro, T. T. and Scott, B.},
	journal={Plasma Physics and Controlled Fusion},
	volume={47},
	pages={1657},
	year={2005},
	publisher={IOP Publishing}
}
@article{ribeiro2008gyrofluid,
	title={Gyrofluid turbulence studies of the effect of the poloidal position of an axisymmetric {D}ebye sheath},
	author={Ribeiro, T. T. and Scott, B.},
	journal={Plasma Physics and Controlled Fusion},
	volume={50},
	pages={055007},
	year={2008},
	publisher={IOP Publishing}
}



% figures
@misc{eurofusion,
	title = {\say{{EURO}fusion}},
	howpublished = {\url{https://www.euro-fusion.org}}

}
@misc{iter,
	title = {{ITER NEWSLINE}},
	howpublished = {\url{https://www.iter.org/}},
	note = {Accessed: 2021-2-9}
}
@article{labombard2000cross,
	title={Cross-field plasma transport and main-chamber recycling in diverted plasmas on {Alcator C-Mod}},
	author={LaBombard, B. and Umansky, M. V. and Boivin, R. L. and Goetz, J. A. and Hughes, J. and Lipschultz, B. and Mossessian, D. and Pitcher, C. S. and Terry, J. L. and Group, {Alcator}},
	journal={Nuclear Fusion},
	volume={40},
	pages={2041},
	year={2000},
	publisher={IOP Publishing}
}
@article{wootton1990edge,
  title={Edge turbulence},
  author={Wootton, A. J.},
  journal={Journal of Nuclear Materials},
  volume={176},
  pages={77},
  year={1990},
  publisher={Elsevier}
}
@article{maqueda2011intermittency,
	title={Intermittency in the scrape-off layer of the {National Spherical Torus Experiment during H-mode} confinement},
	author={Maqueda, R. J. and Stotler, D. P. and Zweben, S. J. and NSTX team},
	journal={Journal of Nuclear Materials},
	volume={415},
	pages={S459},
	year={2011},
	publisher={Elsevier}
}
@article{myra2006collisionality,
	title={Collisionality and magnetic geometry effects on tokamak edge turbulent transport. {I. A} two-region model with application to blobs},
	author={Myra, J. R. and Russell, D. A. and D‚ÄôIppolito, D. A.},
	journal={Physics of Plasmas},
	volume={13},
	pages={112502},
	year={2006},
	publisher={American Institute of Physics}
}
@article{theiler2009cross,
	title={Cross-field motion of plasma blobs in an open magnetic field line configuration},
	author={Theiler, C. and Furno, I. and Ricci, P. and Fasoli, A. and Labit, B. and M{\"u}ller, S. H. and Plyushchev, G.},
	journal={Physical Review Letters},
	volume={103},
	pages={065001},
	year={2009},
	publisher={APS}
}
@article{xu2010intermittent,
	title={Intermittent convective transport carried by propagating electromagnetic filamentary structures in nonuniformly magnetized plasma},
	author={Xu, G. S. and Naulin, V. and Fundamenski, W. and Juul Rasmussen, J. and Nielsen, A. H. and Wan, B. N.},
	journal={Physics of Plasmas},
	volume={17},
	pages={022501},
	year={2010},
	publisher={American Institute of Physics}
}
@article{garcia2005mechanism,
	title={Mechanism and scaling for convection of isolated structures in nonuniformly magnetized plasmas},
	author={Garcia, O. E. and Bian, N. H. and Naulin, V. and Nielsen, A. H. and Rasmussen, J. Juul},
	journal={Physics of Plasmas},
	volume={12},
	pages={090701},
	year={2005},
	publisher={American Institute of Physics}
}
@article{angus2012effect,
	title={Effect of drift waves on plasma blob dynamics},
	author={Angus, J. R. and Umansky, M. V. and Krasheninnikov, S. I.},
	journal={Physical Review Letters},
	volume={108},
	pages={215002},
	year={2012},
	publisher={APS}
}
@article{walkden2013characterization,
	title={Characterization of {3D} filament dynamics in a {MAST SOL} flux tube geometry},
	author={Walkden, N .R. and Dudson, B. D. and Fishpool, G.},
	journal={Plasma Physics and Controlled Fusion},
	volume={55},
	pages={105005},
	year={2013},
	publisher={IOP Publishing}
}
@article{easy2014three,
	title={Three dimensional simulations of plasma filaments in the scrape off layer: {A} comparison with models of reduced dimensionality},
	author={Easy, L. and Militello, F. and Omotani, J. and Dudson, B. and Havl{\'\i}{\v{c}}kov{\'a}, E. and Tamain, P. and Naulin, V. and Nielsen, A. H.},
	journal={Physics of Plasmas},
	volume={21},
	pages={122515},
	year={2014},
	publisher={AIP Publishing LLC}
}
@article{easy2016investigation,
	title={Investigation of the effect of resistivity on scrape off layer filaments using three-dimensional simulations},
	author={Easy, L. and Militello, F. and Omotani, J. and Walkden, N. R. and Dudson, B.},
	journal={Physics of Plasmas},
	volume={23},
	pages={012512},
	year={2016},
	publisher={AIP Publishing LLC}
}
@article{militello2016multi,
	title={Multi-code analysis of scrape-off layer filament dynamics in {MAST}},
	author={Militello, F. and Walkden, N. R. and Farley, T. and Gracias, W. A. and Olsen, J. and Riva, F. and Easy, L. and Fedorczak, N. and Lupelli, I. and Madsen, J. and Nielsen, A. H. and Ricci, P. and Tamain, P. and Young, J.},
	journal={Plasma Physics and Controlled Fusion},
	volume={58},
	pages={105002},
	year={2016},
	publisher={IOP Publishing}
}
@article{riva2016blob,
	title={Blob dynamics in the {TORPEX} experiment: a multi-code validation},
	author={Riva, F. and Colin, C. and Denis, J. and Easy, L. and Furno, I. and Madsen, J. and Militello, F. and Naulin, V. and Nielsen, A. H. and Olsen, J. M. B. and Omotani, J. T. and Rasmussen, J. Juul and Ricci, P. and Serre, E. and Tamain, P. and Theiler, C.},
	journal={Plasma Physics and Controlled Fusion},
	volume={58},
	pages={044005},
	year={2016},
	publisher={IOP Publishing}
}
@article{lee2015electromagnetic,
	title={Electromagnetic effects on plasma blob-filament transport},
	author={Lee, W. and Angus, J. R. and Umansky, M. V. and Krasheninnikov, S. I.},
	journal={Journal of Nuclear Materials},
	volume={463},
	pages={765},
	year={2015},
	publisher={Elsevier}
}
@article{kube2011velocity,
	title={Velocity scaling for filament motion in scrape-off layer plasmas},
	author={Kube, R. and Garcia, O. E.},
	journal={Physics of Plasmas},
	volume={18},
	pages={102314},
	year={2011},
	publisher={American Institute of Physics}
}
@article{militello2017interaction,
	title={On the interaction of scrape off layer filaments},
	author={Militello, F. and Dudson, B. and Easy, L. and Kirk, A. and Naylor, P.},
	journal={Plasma Physics and Controlled Fusion},
	volume={59},
	pages={125013},
	year={2017},
	publisher={IOP Publishing}
}
@article{kendl2018gyrofluid,
	title={Gyrofluid vortex interaction},
	author={Kendl, A.},
	journal={Plasma Physics and Controlled Fusion},
	volume={60},
	pages={025017},
	year={2018},
	publisher={IOP Publishing}
}

@article{pogutse1994resistive,
	title={The resistive interchange convection in the edge of tokamak plasmas},
	author={Pogutse, O. and Kerner, W. and Gribkov, V. and Bazdenkov, S. and Osipenko, M.},
	journal={Plasma Physics and Controlled Fusion},
	volume={36},
	pages={1963},
	year={1994},
	publisher={IOP Publishing}
}
@article{beyer1996center,
	title={Center manifold theory for the dynamics of the {L-H}-transition},
	author={Beyer, P. and Spatschek, K. H.},
	journal={Physics of Plasmas},
	volume={3},
	pages={995},
	year={1996},
	publisher={American Institute of Physics}
}
@article{berning2000bifurcations,
	title={Bifurcations and transport barriers in the resistive-g paradigm},
	author={Berning, M. and Spatschek, K. H.},
	journal={Physical Review E},
	volume={62},
	pages={1162},
	year={2000},
	publisher={APS}
}
@article{horton1996turbulent,
	title={Turbulent transport in mixed states of convective cells and sheared flows},
	author={Horton, W. and Hu, G. and Laval, G.},
	journal={Physics of Plasmas},
	volume={3},
	pages={2912},
	year={1996},
	publisher={American Institute of Physics}
}
@article{garcia2003confinement,
	title={Confinement and bursty transport in a flux-driven convection model with sheared flows},
	author={Garcia, O. E. and Bian, N. H. and Paulsen, J. V. and Benkadda, S. and Rypdal, K.},
	journal={Plasma Physics and Controlled Fusion},
	volume={45},
	pages={919},
	year={2003},
	publisher={IOP Publishing}
}
@article{garcia2003bursting,
	title={Bursting and large-scale intermittency in turbulent convection with differential rotation},
	author={Garcia, O. E. and Bian, N. H.},
	journal={Physical Review E},
	volume={68},
	pages={047301},
	year={2003},
	publisher={APS}
}
@article{garcia2006two,
	title={Two-dimensional convection and interchange motions in fluids and magnetized plasmas},
	author={Garcia, O. E. and Bian, N. H. and Naulin, V. and Nielsen, A. H. and Rasmussen, J. Juul},
	journal={Physica Scripta},
	volume={2006},
	pages={104},
	year={2006},
	publisher={IOP Publishing}
}
@article{decristoforo2020intermittent,
	title={Intermittent fluctuations due to {L}orentzian pulses in turbulent thermal convection},
	author={Decristoforo, G. and Theodorsen, A. and Garcia, O. E.},
	journal={Physics of Fluids},
	volume={32},
	pages={085102},
	year={2020},
	publisher={American Institute of Physics}
}

@article{benkadda1994interchange,
	title={Interchange instability turbulence model in edge tokamak plasma},
	author={Benkadda, S. and Garbet, X. and Verga, A.},
	journal={Contributions to Plasma Physics},
	volume={34},
	pages={247},
	year={1994},
	publisher={Wiley Online Library}
}
@article{garcia2001two,
	title={Two-field transport models for magnetized plasmas},
	author={Garcia, O. E.},
	journal={Journal of Plasma Physics},
	volume={65},
	pages={81},
	year={2001},
	publisher={Cambridge University Press}
}
@article{sarazin1998intermittent,
	title={Intermittent particle transport in two-dimensional edge turbulence},
	author={Sarazin, Y. and Ghendrih, P.},
	journal={Physics of Plasmas},
	volume={5},
	pages={4214},
	year={1998},
	publisher={American Institute of Physics}
}
@article{ghendrih2003theoretical,
	title={Theoretical analysis of the influence of external biasing on long range turbulent transport in the scrape-off layer},
	author={Ghendrih, P. and Sarazin, Y. and Attuel, G. and Benkadda, S. and Beyer, P. and Falchetto, G. and Figarella, C. and Garbet, X. and Grandgirard, V. and Ottaviani, M.},
	journal={Nuclear Fusion},
	volume={43},
	pages={1013},
	year={2003},
	publisher={IOP Publishing}
}
@article{sarazin2003theoretical,
	title={Theoretical understanding of turbulent transport in the {SOL}},
	author={Sarazin, Y and Ghendrih, Ph and Attuel, G and Cl{\'e}ment, C and Garbet, X and Grandgirard, V and Ottaviani, M and Benkadda, S and Beyer, P and Bian, N and others},
	journal={Journal of Nuclear Materials},
	volume={313},
	pages={796},
	year={2003},
	publisher={Elsevier}
}
@article{garcia2005turbulence,
	title={Turbulence and intermittent transport at the boundary of magnetized plasmas},
	author={Garcia, O. E. and Naulin, V. and Nielsen, A. H. and Rasmussen, J. Juul},
	journal={Physics of Plasmas},
	volume={12},
	pages={062309},
	year={2005},
	publisher={American Institute of Physics}
}
@article{garcia2006turbulence,
	title={Turbulence simulations of blob formation and radial propagation in toroidally magnetized plasmas},
	author={Garcia, O. E. and Naulin, V. and Nielsen, A. H. and Rasmussen, J. Juul},
	journal={Physica Scripta},
	volume={2006},
	pages={89},
	year={2006},
	publisher={IOP Publishing}
}
@article{bisai2004simulation,
	title={Simulation of plasma transport by coherent structures in scrape-off-layer tokamak plasmas},
	author={Bisai, N. and Das, A. and Deshpande, S. and Jha, R. and Kaw, P. and Sen, A. and Singh, R.},
	journal={Physics of Plasmas},
	volume={11},
	pages={4018},
	year={2004},
	publisher={American Institute of Physics}
}
@article{bisai2005formation,
	title={Formation of a density blob and its dynamics in the edge and the scrape-off layer of a tokamak plasma},
	author={Bisai, N. and Das, A. and Deshpande, S. and Jha, R. and Kaw, P. and Sen, A. and Singh, R.},
	journal={Physics of Plasmas},
	volume={12},
	pages={102515},
	year={2005},
	publisher={American Institute of Physics}
}
@article{militello2012simulations,
	title={Simulations of edge and scrape off layer turbulence in mega ampere spherical tokamak plasmas},
	author={Militello, F. and Fundamenski, W. and Naulin, V. and Nielsen, A. H.},
	journal={Plasma Physics and Controlled Fusion},
	volume={54},
	pages={095011},
	year={2012},
	publisher={IOP Publishing}
}
@article{nespoli2017blob,
	title={Blob properties in full-turbulence simulations of the {TCV} scrape-off layer},
	author={Nespoli, F. and Furno, I. and Labit, B. and Ricci, P. and Avino, F. and Halpern, F. D. and Musil, F. and Riva, F.},
	journal={Plasma Physics and Controlled Fusion},
	volume={59},
	pages={055009},
	year={2017},
	publisher={IOP Publishing}
}
@article{nespoli20193d,
	title={{3D} structure and dynamics of filaments in turbulence simulations of {WEST} diverted plasmas},
	author={Nespoli, F. and Tamain, P. and Fedorczak, N. and Ciraolo, G. and Galassi, D. and Tatali, R. and Serre, E. and Marandet, Y. and Bufferand, H. and Ghendrih, P.},
	journal={Nuclear Fusion},
	volume={59},
	pages={096006},
	year={2019},
	publisher={IOP Publishing}
}
@article{paruta2019blob,
	title={Blob velocity scaling in diverted tokamaks: {A} comparison between theory and simulation},
	author={Paruta, P. and Beadle, C. and Ricci, P. and Theiler, C.},
	journal={Physics of Plasmas},
	volume={26},
	pages={032302},
	year={2019},
	publisher={AIP Publishing LLC}
}
@article{ricci2012simulation,
	title={Simulation of plasma turbulence in scrape-off layer conditions: the {GBS} code, simulation results and code validation},
	author={Ricci, P. and Halpern, F. D. and Jolliet, S. and Loizu, J. and Mosetto, A. and Fasoli, A. and Furno, I. and Theiler, C.},
	journal={Plasma Physics and Controlled Fusion},
	volume={54},
	pages={124047},
	year={2012},
	publisher={IOP Publishing}
}
@article{tamain20143d,
	title={{3D} {Properties of Edge Turbulent Transport in Full-Torus Simulations and their Impact on Poloidal Asymmetries}},
	author={Tamain, P. and Bufferand, H. and Ciraolo, G. and Colin, C. and Ghendrih, P. and Schwander, F. and Serre, E.},
	journal={Contributions to Plasma Physics},
	volume={54},
	pages={555},
	year={2014},
	publisher={Wiley Online Library}
}
@article{dudson2017hermes,
	title={Hermes: global plasma edge fluid turbulence simulations},
	author={Dudson, B. D. and Leddy, J.},
	journal={Plasma Physics and Controlled Fusion},
	volume={59},
	pages={054010},
	year={2017},
	publisher={IOP Publishing}
}
@article{stegmeir2018grillix,
	title={{GRILLIX: a 3D} turbulence code based on the flux-coordinate independent approach},
	author={Stegmeir, A. and Coster, D. and Ross, A. and Maj, O. and Lackner, K. and Poli, E.},
	journal={Plasma Physics and Controlled Fusion},
	volume={60},
	pages={035005},
	year={2018},
	publisher={IOP Publishing}
}
@article{riva2019three,
	title={Three-dimensional plasma edge turbulence simulations of the {Mega Ampere Spherical Tokamak} and comparison with experimental measurements},
	author={Riva, F. and Militello, F. and Elmore, S. and Omotani, J. T. and Dudson, B. and Walkden, N. R. and team, the {MAST}},
	journal={Plasma Physics and Controlled Fusion},
	volume={61},
	pages={095013},
	year={2019},
	publisher={IOP Publishing}
}
@article{theodorsen2018level,
	title={Level crossings and excess times due to a superposition of uncorrelated exponential pulses},
	author={Theodorsen, A. and Garcia, O. E.},
	journal={Physical Review E},
	volume={97},
	pages={012110},
	year={2018},
	publisher={APS}
}

%FPP
@inproceedings{campbell1909study,
	title={The study of discontinuous phenomena},
	author={Campbell, N.},
	booktitle={Proceedings of the Cambridge Philosophical Society},
	volume={15},
	pages={117},
	year={1909}
}
@article{rice1944mathematical,
	title={Mathematical analysis of random noise},
	author={Rice, S. O.},
	journal={The Bell System Technical Journal},
	volume={23},
	pages={282},
	year={1944},
	publisher={Nokia Bell Labs}
}
@article{rice1945mathematical,
	title={Mathematical analysis of random noise},
	author={Rice, S. O.},
	journal={The Bell System Technical Journal},
	volume={24},
	pages={46},
	year={1945},
	publisher={Nokia Bell Labs}
}
@article{segal1985miniature,
	title={Miniature endplate potential frequency and amplitude determined by an extension of {Campbell's} theorem},
	author={Segal, J. R. and Ceccarelli, B. and Fesce, R. and Hurlbut, W. P.},
	journal={Biophysical Journal},
	volume={47},
	pages={183},
	year={1985},
	publisher={Elsevier}
}
@article{fesce1986fluctuation,
	title={Fluctuation analysis of nonideal shot noise. {A}pplication to the neuromuscular junction.},
	author={Fesce, R. and Segal, J. R. and Hurlbut, W. P.},
	journal={The Journal of General Physiology},
	volume={88},
	pages={25},
	year={1986}
}
@article{jang2004martingale,
	title={Martingale approach for moments of discounted aggregate claims},
	author={Jang, J. W.},
	journal={Journal of Risk and Insurance},
	volume={71},
	pages={201},
	year={2004},
	publisher={Wiley Online Library}
}
@article{claps2005advances,
	title={Advances in shot noise modeling of daily streamflows},
	author={Claps, P. and Giordano, A. and Laio, F.},
	journal={Advances in Water Resources},
	volume={28},
	pages={992},
	year={2005},
	publisher={Elsevier}
}
@article{lefebvre2008generalized,
	title={Generalized filtered {P}oisson processes and application in hydrology},
	author={Lefebvre, M.},
	journal={Statistics \& Probability Letters},
	volume={78},
	pages={3274},
	year={2008},
	publisher={Elsevier}
}
@article{daly2010effect,
	title={Effect of different jump distributions on the dynamics of jump processes},
	author={Daly, E. and Porporato, A.},
	journal={Physical Review E},
	volume={81},
	pages={061133},
	year={2010},
	publisher={APS}
}
@article{elter2015performance,
	title={Performance investigation of the pulse and {C}ampbelling modes of a fission chamber using a {P}oisson pulse train simulation code},
	author={Elter, Z. and Jammes, C. and P{\'a}zsit, I. and P{\'a}l, L. and Filliatre, P.},
	journal={Nuclear Instruments and Methods in Physics Research Section A: Accelerators, Spectrometers, Detectors and Associated Equipment},
	volume={774},
	pages={60},
	year={2015},
	publisher={Elsevier}
}
@article{garcia2018skewed,
	title={Skewed {L}orentzian pulses and exponential frequency power spectra},
	author={Garcia, O. E. and Theodorsen, A.},
	journal={Physics of Plasmas},
	volume={25},
	pages={014503},
	year={2018},
	publisher={AIP Publishing LLC}
}
@article{garcia2017power,
	title={Power law spectra and intermittent fluctuations due to uncorrelated {L}orentzian pulses},
	author={Garcia, O. E. and Theodorsen, A.},
	journal={Physics of Plasmas},
	volume={24},
	pages={020704},
	year={2017},
	publisher={AIP Publishing LLC}
}
@article{garcia2018lorentz,
	title={Intermittent fluctuations due to uncorrelated {L}orentzian pulses},
	author={Garcia, O. E. and Theodorsen, A.},
	journal={Physics of Plasmas},
	volume={25},
	pages={014506},
	year={2018},
	publisher={AIP Publishing LLC}
}
@article{theodorsen2018probability,
	title={Probability distribution functions for intermittent scrape-off layer plasma fluctuations},
	author={Theodorsen, A. and Garcia, O. E.},
	journal={Plasma Physics and Controlled Fusion},
	volume={60},
	pages={034006},
	year={2018},
	publisher={IOP Publishing}
}
@article{bondesson1982simulation,
	title={On simulation from infinitely divisible distributions},
	author={Bondesson, L.},
	journal={Advances in Applied Probability},
	pages={855},
	year={1982},
	publisher={JSTOR}
}
@article{marandet2016assessment,
	title={Assessment of the effects of scrape-off layer fluctuations on first wall sputtering with the {TOKAM-2D} turbulence code},
	author={Marandet, Y. and Nace, N. and Valentinuzzi, M. and Tamain, P. and Bufferand, H. and Ciraolo, G. and Genesio, P. and Mellet, N.},
	journal={Plasma Physics and Controlled Fusion},
	volume={58},
	pages={114001},
	year={2016},
	publisher={IOP Publishing}
}
@article{maggs2011generality,
	title={Generality of deterministic chaos, exponential spectra, and {L}orentzian pulses in magnetically confined plasmas},
	author={Maggs, J. E. and Morales, G. J.},
	journal={Physical Review Letters},
	volume={107},
	pages={185003},
	year={2011},
	publisher={APS}
}
@article{van2012relevance,
	title={{Relevance of Uncorrelated Lorentzian Pulses for the Interpretation of Turbulence in the Edge of Magnetically Confined Toroidal Plasmas}},
	author={Van Milligen, B. P. and S{\'a}nchez, R. and Hidalgo, C.},
	journal={Physical Review Letters},
	volume={109},
	pages={105001},
	year={2012},
	publisher={APS}
}
@article{maggs2015chaotic,
	title={Chaotic density fluctuations in {L}-mode plasmas of the {DIII-D} tokamak},
	author={Maggs, J. E. and Rhodes, T. L. and Morales, G. J.},
	journal={Plasma Physics and Controlled Fusion},
	volume={57},
	pages={045004},
	year={2015},
	publisher={IOP Publishing}
}
@article{zhu2017chaotic,
	title={Chaotic edge density fluctuations in the {Alcator C-Mod} tokamak},
	author={Zhu, Z. and White, A. E. and Carter, T. A. and Baek, S. G. and Terry, J. L.},
	journal={Physics of Plasmas},
	volume={24},
	pages={042301},
	year={2017},
	publisher={AIP Publishing LLC}
}
@article{militello_profiles,
	title={Understanding density decay lengths and particle exhaust in tokamaks},
	author={Militello, F.},
	journal={16th European Fusion Theory Conference },
	year={2015},
	adress={Lisbon}
}
@article{militello2016relation,
	title={On the relation between non-exponential scrape off layer profiles and the dynamics of filaments},
	author={Militello, F. and Omotani, J. T.},
	journal={Plasma Physics and Controlled Fusion},
	volume={58},
	pages={125004},
	year={2016},
	publisher={IOP Publishing}
}
@article{militello2018two,
	title={A two-dimensional statistical framework connecting thermodynamic profiles with filaments in the scrape off layer and application to experiments},
	author={Militello, F. and Farley, T. and Mukhi, K. and Walkden, N. and Omotani, J. T.},
	journal={Physics of Plasmas},
	volume={25},
	pages={056112},
	year={2018},
	publisher={AIP Publishing LLC}
}
@article{walkden2017interpretation,
	title={Interpretation of scrape-off layer profile evolution and first-wall ion flux statistics on {JET} using a stochastic framework based on fillamentary motion},
	author={Walkden, N. R. and Wynn, A. and Militello, F. and Lipschultz, B. and Matthews, G. and Guillemaut, C. and Harrison, J. and Moulton, D. and Contributors, JET},
	journal={Plasma Physics and Controlled Fusion},
	volume={59},
	pages={085009},
	year={2017},
	publisher={IOP Publishing}
}
@article{richardson1972bayesian,
	title={Bayesian-based iterative method of image restoration},
	author={Richardson, W. H.},
	journal={Journal of the Optical Society of America},
	volume={62},
	pages={55},
	year={1972},
	publisher={Optical Society of America}
}
@article{lucy1974iterative,
	title={An iterative technique for the rectification of observed distributions},
	author={Lucy, L. B.},
	journal={The Astronomical Journal},
	volume={79},
	pages={745},
	year={1974}
}
@article{dell2007model,
	title={A model-based deconvolution approach to solve fiber crossing in diffusion-weighted {MR} imaging},
	author={Dell'Acqua, F. and Rizzo, G. and Scifo, P. and Clarke, R. A. and Scotti, G. and Fazio, F.},
	journal={IEEE Transactions on Biomedical Engineering},
	volume={54},
	pages={462},
	year={2007},
	publisher={IEEE}
}
@article{kube2020comparison,
	title={Comparison between mirror {L}angmuir probe and gas puff imaging measurements of intermittent fluctuations in the {Alcator C-Mod} scrape-off layer},
	author={Kube, R. and Theodorsen, A. and Garcia, O. E. and Brunner, D. and LaBombard, B. and Terry, J. L.},
	journal={arXiv:2005.02145},
	year={2020}
}
@article{Nicholas2021comparing,
	title={{Comparing Two- and Three-Dimensional Models of Scrape-Off-Layer Turbulent Transport}},
	author={Nicholas, T. E. G. and Omotani, J. and Riva, F. and Militello, F. and Dudson, B.},
	journal={arXiv:2103.09727},
	year={2021}
}
@book{militellobook,
	title={Boundary plasma physics - {A}n accessible guide to transport, detachment and divertor design},
	author={Militello, F.},
	year={2021},
	publisher={To be published in Springer Nature}
}
@article{Ahmed_ions,
	title={Effects of ion temperature on {S}crape-off layer filaments},
	author={Ahmed, S.},
	journal={Master thesis, University of Bath},
	year={2020}
}
@article{kovcan2007ion,
	title={Ion temperature measurements in the tokamak scrape-off layer},
	author={Ko{\v{c}}an, M. and P{\'a}nek, R. and St{\"o}ckel, J. and Hron, M. and Gunn, J. P. and Dejarnac, R.},
	journal={Journal of Nuclear Materials},
	volume={363},
	pages={1436},
	year={2007},
	publisher={Elsevier}
}
@article{kocan2012ion,
	title={Ion temperature fluctuations in the {ASDEX U}pgrade scrape-off layer},
	author={Ko{\v{c}}an, M. and Gennrich, F. P. and Kendl, A. and M{\"u}ller, H. W. and Team, ASDEX Upgrade},
	journal={Plasma Physics and Controlled Fusion},
	volume={54},
	year={2012},
	publisher={IOP Publishing}
}
@article{fundamenski2007dissipative,
	title={Dissipative processes in interchange driven scrape-off layer turbulence},
	author={Fundamenski, W. and Garcia, O. E. and Naulin, V. and Pitts, R. A. and Nielsen, A. H. and Juul Rasmussen, J. and Horacek, J. and Graves, J. P. and contributors, {JET EFDA}},
	journal={Nuclear Fusion},
	volume={47},
	pages={417},
	year={2007},
	publisher={IOP Publishing}
}
@article{nicholas_dim,
	title={{Reduced Simulations of Scrape-Off-Layer
	Turbulence}},
	author={Nicholas, T.},
	journal={PhD thesis, University of York},
	year={2021}
}
@book{bellan2008fundamentals,
	title={Fundamentals of plasma physics},
	author={Bellan, P. M.},
	year={2008},
	publisher={Cambridge University Press}
}
@article{meyer_thesis,
	title={Drift wave turbulence and zonal flows},
	author={Meyer, O.},
	journal={Master thesis, University of Troms√∏},
	year={2012}
}
@article{Garcia_thesis,
	title={Convecive {Transport and Shear Flows in Fluids and Magnetized Plasmas}},
	author={Garcia, O. E.},
	journal={PhD thesis, University of Troms√∏},
	year={2002}
}
@article{rayleigh1916lix,
	title={{On convection currents in a horizontal layer of fluid, when the higher temperature is on the under side}},
	author={Rayleigh, Lord},
	journal={The London, Edinburgh, and Dublin Philosophical Magazine and Journal of Science},
	volume={32},
	pages={529},
	year={1916},
	publisher={Taylor \& Francis}
}
@article{benard1901tourbillons,
	title={{Les tourbillons cellulaires dans une nappe liquide.-M{\'e}thodes optiques d'observation et d'enregistrement}},
	author={B{\'e}nard, H.},
	journal={Journal de Physique Th{\'e}orique et Appliqu{\'e}e},
	volume={10},
	pages={254},
	year={1901},
	publisher={Soci{\'e}t{\'e} Fran{\c{c}}aise de Physique}
}
@article{busse1978non,
	title={Non-linear properties of thermal convection},
	author={Busse, F. H.},
	journal={Reports on Progress in Physics},
	volume={41},
	pages={1929},
	year={1978},
	publisher={IOP Publishing}
}
@article{siggia1994high,
	title={{High Rayleigh number convection}},
	author={Siggia, E. D.},
	journal={Annual Review of Fluid Mechanics},
	volume={26},
	pages={137},
	year={1994}
}
@article{bodenschatz2000recent,
	title={{Recent developments in Rayleigh-B{\'e}nard convection}},
	author={Bodenschatz, E. and Pesch, W. and Ahlers, G.},
	journal={Annual Review of Fluid Mechanics},
	volume={32},
	pages={709},
	year={2000},
	publisher={Annual Reviews 4139 El Camino Way, PO Box 10139, Palo Alto, CA 94303-0139, USA}
}
@article{kadanoff2001turbulent,
	title={Turbulent heat flow: structures and scaling},
	author={Kadanoff, L. P.},
	journal={Physics Today},
	volume={54},
	pages={34},
	year={2001},
	publisher={American Institute of Physics}
}
@article{ahlers2009heat,
	title={{Heat transfer and large scale dynamics in turbulent Rayleigh-B{\'e}nard convection}},
	author={Ahlers, G. and Grossmann, S. Lohse, D.},
	journal={Reviews of Modern Physics},
	volume={81},
	pages={503},
	year={2009},
	publisher={APS}
}
@article{terry2003observations,
	title={{Observations of the turbulence in the scrape-off-layer of Alcator C-Mod and comparisons with simulation}},
	author={Terry, J. L. and Zweben, S. J. and Hallatschek, K. and LaBombard, B. and Maqueda, R. J. and Bai, B. and Boswell, C. J. and Greenwald, M. and Kopon, D. and Nevins, W. M. and Pitcher, C. S. and Rogers, B. N. and Stotler, D. P. and Xu,  X. Q.},
	journal={Physics of Plasmas},
	volume={10},
	pages={1739},
	year={2003},
	publisher={American Institute of Physics}
}
@article{wensing2019solps,
	title={{SOLPS-ITER simulations of the TCV divertor upgrade}},
	author={Wensing, M. and Duval, B. P. and F{\'e}vrier, O. and Fil, A. and Galassi, D. and Havlickova, E. and Perek, A. and Reimerdes, H. and Theiler, C. and Verhaegh, K. and Wischmeier, M. and team, {the EUROfusion MST1}  and team, the {TCV}},
	journal={Plasma Physics and Controlled Fusion},
	volume={61},
	pages={085029},
	year={2019},
	publisher={IOP Publishing}
}
@article{militello2011multi,
	title={Multi-machine comparison of drift fluid dimensionless parameters},
	author={Militello, F. and Fundamenski, W.},
	journal={Plasma Physics and Controlled Fusion},
	volume={53},
	pages={095002},
	year={2011},
	publisher={IOP Publishing}
}
@article{walkden2016dynamics,
	title={Dynamics of {3D} isolated thermal filaments},
	author={Walkden, N. R. and Easy, L. and Militello, F. and Omotani, J. T.},
	journal={Plasma Physics and Controlled Fusion},
	volume={58},
	pages={115010},
	year={2016},
	publisher={IOP Publishing}
}
@article{bak2015investigation,
	title={{Investigation of SOL parameters and divertor particle flux from electric probe measurements in KSTAR}},
	author={Bak, J. G. and Kim, H. S. and Bae, M. K. and Juhn, J. W. and Seo, D. C. and Bang, E. N. and Shim, S. B. and Chung, K. S. and Lee, H. J. and Hong, S. H.},
	journal={Journal of Nuclear Materials},
	volume={463},
	pages={424},
	year={2015},
	publisher={Elsevier}
}
@article{wiesenberger2014gyrofluid,
	title={Gyrofluid computations of filament dynamics in tokamak scrape-off layers},
	author={Wiesenberger, M.},
	journal={PhD thesis, University of Innsbruck},
	year={2014}
}
@article{held2018non,
	title={{Non-Oberbeck--Boussinesq zonal flow generation}},
	author={Held, M. and Wiesenberger, M. and Kube, R. and Kendl, A.},
	journal={Nuclear Fusion},
	volume={58},
	pages={104001},
	year={2018},
	publisher={IOP Publishing}
}
@article{decristoforo2021numerical,
	title={Numerical turbulence simulations of intermittent fluctuations in the scrape-off layer of magnetized plasmas},
	author={Decristoforo, G. and Theodorsen, A. and Omotani, J. and Nicholas, T. and Garcia, O. E.},
	journal={arXiv:2102.04723},
	year={2021}
}

@article{bisai2018influence,
	title={Influence of hot and cold neutrals on scrape-off layer tokamak plasma turbulence},
	author={Bisai, N. and Kaw, P. K.},
	journal={Physics of Plasmas},
	volume={25},
	pages={012503},
	year={2018},
	publisher={AIP Publishing LLC}
}
@article{thrysoe2018plasma,
	title={Plasma particle sources due to interactions with neutrals in a turbulent scrape-off layer of a toroidally confined plasma},
	author={Thrys{\o}e, A. S. and L{\o}iten, M. and Madsen, J. and Naulin, V. and Nielsen, A. H. and Juul Rasmussen, J.},
	journal={Physics of Plasmas},
	volume={25},
	pages={032307},
	year={2018},
	publisher={AIP Publishing LLC}
}
@article{marandet2013influence,
	title={Influence of neutral particles on scrape-off layer turbulence with application to the interpretation of fast camera data},
	author={Marandet, Y. and Tamain, P. and Futtersack, R. and Ghendrih, P. and Bufferand, H. and Genesio, P. and Mekkaoui, A.},
	journal={Journal of Nuclear Materials},
	volume={438},
	pages={S518},
	year={2013},
	publisher={Elsevier}
}
@article{russell2011comparison,
	title={Comparison of scrape-off layer turbulence simulations with experiments using a synthetic gas puff imaging diagnostic},
	author={Russell, D. A. and Myra, J. R. and D‚ÄôIppolito, D. A. and Munsat, T. L. and Sechrest, Y. and Maqueda, R. J. and Stotler, D. P. and Zweben, S. J. and NSTX Team},
	journal={Physics of Plasmas},
	volume={18},
	pages={022306},
	year={2011},
	publisher={American Institute of Physics}
}
@article{naulin2005shear,
	title={Shear flow generation and energetics in electromagnetic turbulence},
	author={Naulin, V. and Kendl, A. and Garcia, O. E. and Nielsen, A. H. and Rasmussen, J. Juul},
	journal={Physics of Plasmas},
	volume={12},
	pages={052515},
	year={2005},
	publisher={American Institute of Physics}
}
@article{naulin2003electromagnetic,
	title={Electromagnetic transport components and sheared flows in drift-Alfv{\'e}n turbulence},
	author={Naulin, V.},
	journal={Physics of Plasmas},
	volume={10},
	pages={4016},
	year={2003},
	publisher={American Institute of Physics}
}
@article{naulin1999dispersion,
	title={Dispersion of ideal particles in a two-dimensional model of electrostatic turbulence},
	author={Naulin, V. and Nielsen, A. H. and Rasmussen, J. Juul},
	journal={Physics of Plasmas},
	volume={6},
	pages={4575},
	year={1999},
	publisher={American Institute of Physics}
}
@article{naulin2008three,
	title={Three-dimensional global fluid simulations of cylindrical magnetized plasmas},
	author={Naulin, V. and Windisch, T. and Grulke, O.},
	journal={Physics of Plasmas},
	volume={15},
	pages={012307},
	year={2008},
	publisher={American Institute of Physics}
}
@article{naulin2004statistical,
	title={Statistical properties of transport in plasma turbulence},
	author={Naulin, V. and Garcia, O. E. and Nielsen, A. H. and Rasmussen, J. Juul},
	journal={Physics Letters A},
	volume={321},
	pages={355},
	year={2004},
	publisher={Elsevier}
}
@article{gingell2012transport,
	title={Transport and evolution of ion gyro-scale plasma blobs in perpendicular magnetic fields},
	author={Gingell, P. W. and Chapman, S. C. and Dendy, R. O. and Brady, C. S.},
	journal={Plasma Physics and Controlled Fusion},
	volume={54},
	pages={065005},
	year={2012},
	publisher={IOP Publishing}
}
@article{gingell2014plasma,
	title={Plasma blob formation by ion kinetic {Kelvin-Helmholtz} and interchange instabilities},
	author={Gingell, P. W. and Chapman, S. C. and Dendy, R. O.},
	journal={Plasma Physics and Controlled Fusion},
	volume={56},
	pages={035012},
	year={2014},
	publisher={IOP Publishing}
}
@article{hoare2019dynamics,
	title={Dynamics of scrape-off layer filaments in high $\beta$ plasmas},
	author={Hoare, D. and Militello, F. and Omotani, J. T. and Riva, F. and Newton, S. and Nicholas, T. and Ryan, D. and Walkden, N. R.},
	journal={Plasma Physics and Controlled Fusion},
	volume={61},
	pages={105013},
	year={2019},
	publisher={IOP Publishing}
}

